<?xml version="1.0" encoding="UTF-8"?><record xmlns="http://www.loc.gov/MARC21/slim" xmlns:cinclude="http://apache.org/cocoon/include/1.0" xmlns:zs="http://www.loc.gov/zing/srw/">
  <leader>00617nz  a2200133n  4500</leader>
  <controlfield tag="001">n 2007036591</controlfield>
  <controlfield tag="003">DLC</controlfield>
  <controlfield tag="005">20070524075032.0</controlfield>
  <controlfield tag="008">070523n| acannaabn          |n and      </controlfield>
  <datafield tag="010" ind1=" " ind2=" ">
    <subfield code="a">n 2007036591</subfield>
  </datafield>
  <datafield tag="040" ind1=" " ind2=" ">
    <subfield code="a">DLC</subfield>
    <subfield code="b">eng</subfield>
    <subfield code="c">DLC</subfield>
  </datafield>
  <datafield tag="110" ind1="2" ind2=" ">
    <subfield code="a">Fire Theft (Musical group)</subfield>
  </datafield>
  <datafield tag="670" ind1=" " ind2=" ">
    <subfield code="a">The Fire Theft, p2003:</subfield>
    <subfield code="b">insert (The Fire Theft: Jeremy Enigk, William Goldsmith, Nate Mendel)</subfield>
  </datafield>
  <datafield tag="670" ind1=" " ind2=" ">
    <subfield code="a">Wikipedia, May 23, 2007</subfield>
    <subfield code="b">(The Fire Theft, a band based in Seattle, Washington, was formed by vocalist/guitarist Jeremy Enigk, bassist Nate Mendel, and drummer William Goldsmith, all of whom were previously members of Sunny Day Real Estate)</subfield>
  </datafield>
</record>